<record xmlns:xsi="http://www.w3.org/2001/XMLSchema-instance" xmlns="http://www.loc.gov/MARC21/slim" xsi:schemaLocation="http://www.loc.gov/MARC21/slim http://www.loc.gov/standards/marcxml/schema/MARC21slim.xsd">

  <leader>01345nab a2200169   4500</leader>
  <controlfield tag="005">20160420142213.0</controlfield>
  <controlfield tag="008">160420b2010    cr f|||| |||| 00| 0 spa d</controlfield>
  <datafield ind1=" " tag="090" ind2=" ">
    <subfield code="a">REVIS 06.02.01</subfield>
  </datafield>
  <datafield ind2=" " ind1="1" tag="100">
    <subfield code="9">1576</subfield>
    <subfield code="a">Morales Zúñiga, Luis Carlos</subfield>
  </datafield>
  <datafield tag="245" ind1="1" ind2="0">
    <subfield code="a">Apuntes sobre epistemología e investigación en la enseñanza de los Estudios Sociales /</subfield>
    <subfield code="c">Luis Carlos Morales Zúñiga</subfield>
  </datafield>
  <datafield tag="260" ind1=" " ind2=" ">
    <subfield code="a">San José, Costa Rica : </subfield>
    <subfield code="b">Editorial Universidad de Costa Rica,</subfield>
    <subfield code="c">2010</subfield>
  </datafield>
  <datafield tag="300" ind1=" " ind2=" ">
    <subfield code="a">páginas 61-74</subfield>
  </datafield>
  <datafield ind1=" " tag="520" ind2=" ">
    <subfield code="a">Este ensayo analiza el concepto de estudios sociales contrastándolo con la noción conceptual denominada didáctica de las ciencias sociales, esto con el fin de observar las particularidades de cada categoría. Posteriormente, se plantea un esbozo de epistemología aplicada al campo de los Estudios Sociales, con el objetivo de repensar la construcción de objetos de investigación y de conocimiento en este campo. Por último, se reflexiona sobre la posibilidad de establecer orientaciones o líneas de investigación que sistematicen de alguna manera los procesos investigativos en la enseñanza de los estudios sociales</subfield>
  </datafield>
  <datafield ind2="4" tag="650" ind1="1">
    <subfield code="9">1</subfield>
    <subfield code="a">EDUCACIÓN</subfield>
  </datafield>
  <datafield ind2=" " ind1="0" tag="773">
    <subfield code="d">San José, Costa Rica : Editorial de la Universidad de Costa Rica, 1997-</subfield>
    <subfield code="o">R0361</subfield>
    <subfield code="t">EDUCACIÓN: Revista de la Universidad de Costa Rica</subfield>
    <subfield code="g">Vol.34, no.2 (jul.-dic., 2010)</subfield>
  </datafield>
  <datafield ind2=" " ind1=" " tag="942">
    <subfield code="2">z</subfield>
    <subfield code="c">10</subfield>
  </datafield>
  <datafield ind1=" " tag="999" ind2=" ">
    <subfield code="c">3126</subfield>
    <subfield code="d">3126</subfield>
  </datafield>
</record>